<?xml version="1.0" encoding="UTF-8"?>
<record>
  <leader>01629nam#a2200469#c#4500</leader>
  <controlfield tag="003">DE-605</controlfield>
  <controlfield tag="005">20260215225723.0</controlfield>
  <controlfield tag="007">tu</controlfield>
  <controlfield tag="008">101202|2010####xxk####|######|||#u#eng#c</controlfield>
  <controlfield tag="001">990183146600206441</controlfield>
  <datafield tag="016" ind1="7" ind2=" ">
    <subfield code="a">015468337</subfield>
    <subfield code="2">Uk</subfield>
  </datafield>
  <datafield tag="016" ind1="7" ind2=" ">
    <subfield code="a">961276213</subfield>
    <subfield code="2">OCoLC</subfield>
  </datafield>
  <datafield tag="016" ind1="7" ind2=" ">
    <subfield code="a">015468337</subfield>
    <subfield code="2">DE-101b</subfield>
  </datafield>
  <datafield tag="020" ind1=" " ind2=" ">
    <subfield code="a">9780747599777</subfield>
    <subfield code="c">(hbk.) £18.99</subfield>
    <subfield code="9">978-0-7475-9977-7</subfield>
  </datafield>
  <datafield tag="020" ind1=" " ind2=" ">
    <subfield code="a">0747599777</subfield>
    <subfield code="c">(hbk.) £18.99</subfield>
  </datafield>
  <datafield tag="035" ind1=" " ind2=" ">
    <subfield code="a">(DE-605)HT016612887</subfield>
  </datafield>
  <datafield tag="040" ind1=" " ind2=" ">
    <subfield code="a">836</subfield>
    <subfield code="b">ger</subfield>
    <subfield code="c">DNB</subfield>
    <subfield code="d">HBZ/ALMA-NZ</subfield>
    <subfield code="d">DE-605</subfield>
  </datafield>
  <datafield tag="041" ind1=" " ind2=" ">
    <subfield code="a">eng</subfield>
  </datafield>
  <datafield tag="044" ind1=" " ind2=" ">
    <subfield code="c">XA-GB</subfield>
  </datafield>
  <datafield tag="090" ind1=" " ind2=" ">
    <subfield code="h">h</subfield>
  </datafield>
  <datafield tag="100" ind1="1" ind2=" ">
    <subfield code="a">Segnit, Niki</subfield>
    <subfield code="0">(DE-588)1015425674</subfield>
    <subfield code="4">aut</subfield>
    <subfield code="0">https://d-nb.info/gnd/1015425674</subfield>
    <subfield code="0">http://viaf.org/viaf/160022071</subfield>
    <subfield code="B">GND-1015425674</subfield>
  </datafield>
  <datafield tag="245" ind1="1" ind2="0">
    <subfield code="a">&lt;&lt;The&gt;&gt; flavour thesaurus</subfield>
    <subfield code="b">pairings, recipes and ideas for the creative cook</subfield>
    <subfield code="c">Niki Segnit</subfield>
  </datafield>
  <datafield tag="264" ind1=" " ind2="1">
    <subfield code="a">London [u.a.]</subfield>
    <subfield code="b">Bloomsbury</subfield>
    <subfield code="c">2010</subfield>
  </datafield>
  <datafield tag="300" ind1=" " ind2=" ">
    <subfield code="a">399 S.</subfield>
    <subfield code="b">graph. Darst.</subfield>
    <subfield code="c">23 cm</subfield>
  </datafield>
  <datafield tag="689" ind1="0" ind2="0">
    <subfield code="a">Speise</subfield>
    <subfield code="D">s</subfield>
    <subfield code="0">(DE-588)4136283-4</subfield>
    <subfield code="B">GND-041362837</subfield>
  </datafield>
  <datafield tag="689" ind1="0" ind2="1">
    <subfield code="a">Zutat</subfield>
    <subfield code="D">s</subfield>
    <subfield code="0">(DE-588)4529758-7</subfield>
    <subfield code="B">GND-955687659</subfield>
  </datafield>
  <datafield tag="689" ind1="0" ind2="2">
    <subfield code="a">Aroma</subfield>
    <subfield code="D">s</subfield>
    <subfield code="0">(DE-588)4137070-3</subfield>
    <subfield code="B">GND-041370708</subfield>
  </datafield>
  <datafield tag="689" ind1="0" ind2="3">
    <subfield code="a">Kombination</subfield>
    <subfield code="D">s</subfield>
    <subfield code="0">(DE-588)4319923-9</subfield>
    <subfield code="B">GND-043199232</subfield>
  </datafield>
  <datafield tag="689" ind1="0" ind2="4">
    <subfield code="a">Thesaurus</subfield>
    <subfield code="D">s</subfield>
    <subfield code="0">(DE-588)4185172-9</subfield>
    <subfield code="B">GND-041851722</subfield>
  </datafield>
  <datafield tag="689" ind1="0" ind2=" ">
    <subfield code="5">AT-OBV</subfield>
  </datafield>
  <datafield tag="965" ind1=" " ind2=" ">
    <subfield code="u">https://digitale-objekte.hbz-nrw.de/storage/2012/12/06/file_137/4840230.pdf</subfield>
  </datafield>
  <datafield tag="035" ind1=" " ind2=" ">
    <subfield code="a">(OCoLC)961276213</subfield>
  </datafield>
  <datafield tag="035" ind1=" " ind2=" ">
    <subfield code="a">(AT-OBV)AC11843242</subfield>
  </datafield>
  <datafield tag="035" ind1=" " ind2=" ">
    <subfield code="a">(DE-599)OBVAC11843242</subfield>
  </datafield>
  <datafield tag="035" ind1=" " ind2=" ">
    <subfield code="a">(AT-OBV)990117484320203331</subfield>
  </datafield>
  <datafield tag="961" ind1=" " ind2=" ">
    <subfield code="a">AC11843242</subfield>
  </datafield>
  <datafield tag="964" ind1="0" ind2="s">
    <subfield code="F">051</subfield>
    <subfield code="A">m|||z|||</subfield>
  </datafield>
  <datafield tag="964" ind1="0" ind2="i">
    <subfield code="I">marc-FMT via MAB2MARC</subfield>
    <subfield code="F">FMT</subfield>
    <subfield code="A">BK</subfield>
  </datafield>
  <datafield tag="964" ind1="0" ind2="s">
    <subfield code="F">030</subfield>
    <subfield code="A">a|1dz||z|||17</subfield>
  </datafield>
  <datafield tag="964" ind1="0" ind2="s">
    <subfield code="F">050</subfield>
    <subfield code="A">a|a|||||||||||</subfield>
  </datafield>
  <datafield tag="856" ind1="4" ind2="2">
    <subfield code="m">V:DE-605;X:migimw</subfield>
    <subfield code="q">application/pdf</subfield>
    <subfield code="u">https://digitale-objekte.hbz-nrw.de/storage/2012/12/06/file_137/4840230.pdf</subfield>
    <subfield code="3">Inhaltsverzeichnis</subfield>
    <subfield code="9">O:PKN</subfield>
  </datafield>
  <datafield tag="650" ind1=" " ind2="0">
    <subfield code="a">Cooking.</subfield>
  </datafield>
  <datafield tag="MBD" ind1=" " ind2=" ">
    <subfield code="M">49HBZ_NETWORK</subfield>
    <subfield code="i">990183146600206441</subfield>
    <subfield code="n">HBZ Network</subfield>
  </datafield>
  <datafield tag="MBD" ind1=" " ind2=" ">
    <subfield code="M">49HBZ_FHM</subfield>
    <subfield code="i">991003746319706485</subfield>
    <subfield code="n">FH / KA Münster</subfield>
  </datafield>
  <datafield tag="MBD" ind1=" " ind2=" ">
    <subfield code="M">49HBZ_FHA</subfield>
    <subfield code="i">991005875624006444</subfield>
    <subfield code="n">Hochschulbibliothek der FH Aachen</subfield>
  </datafield>
  <datafield tag="MNG" ind1=" " ind2=" ">
    <subfield code="c">System</subfield>
    <subfield code="f">OTHER</subfield>
    <subfield code="i">marc21</subfield>
    <subfield code="h">20230210064349.0</subfield>
    <subfield code="l">69</subfield>
    <subfield code="k">01</subfield>
    <subfield code="e">false</subfield>
    <subfield code="d">2026-02-15 22:57:23 Europe/Berlin</subfield>
    <subfield code="g">018314660-HBZ01</subfield>
    <subfield code="j">60</subfield>
    <subfield code="a">import</subfield>
    <subfield code="b">2021-04-05 10:13:39 Europe/Berlin</subfield>
  </datafield>
  <datafield tag="H35" ind1=" " ind2=" ">
    <subfield code="a">(DE-836)223793972-49hbz_fhm</subfield>
    <subfield code="8">2232189170006485</subfield>
  </datafield>
  <datafield tag="H52" ind1="8" ind2=" ">
    <subfield code="b">FHMF</subfield>
    <subfield code="c">Freihand_F</subfield>
    <subfield code="h">RSGT 12</subfield>
    <subfield code="8">2232189170006485</subfield>
  </datafield>
  <datafield tag="HOL" ind1=" " ind2=" ">
    <subfield code="d">2023-08-18 10:56:22</subfield>
    <subfield code="8">2232189170006485</subfield>
    <subfield code="b">2022-06-27 10:15:59</subfield>
    <subfield code="M">49HBZ_FHM</subfield>
    <subfield code="g">false</subfield>
    <subfield code="a">import</subfield>
    <subfield code="c">System</subfield>
  </datafield>
  <datafield tag="ITM" ind1=" " ind2=" ">
    <subfield code="H">2232189170006485</subfield>
    <subfield code="x">Freihand_F</subfield>
    <subfield code="f">BOOK</subfield>
    <subfield code="v">Freihand_F</subfield>
    <subfield code="p">ZZZ</subfield>
    <subfield code="X">System</subfield>
    <subfield code="U">2016-12-09 11:59:00 Europe/Berlin</subfield>
    <subfield code="Y">2023-01-25 16:08:21 Europe/Berlin</subfield>
    <subfield code="h">false</subfield>
    <subfield code="n">RSGT 12</subfield>
    <subfield code="P">Fachbereich: OEF</subfield>
    <subfield code="M">49HBZ_FHM</subfield>
    <subfield code="s">1</subfield>
    <subfield code="d">8</subfield>
    <subfield code="V">import</subfield>
    <subfield code="b">0213087</subfield>
    <subfield code="a">2332189160006485</subfield>
    <subfield code="t">8</subfield>
    <subfield code="c">RSGT 12</subfield>
    <subfield code="D">20200507</subfield>
    <subfield code="W">2016-12-09 01:00:00 Europe/Berlin</subfield>
    <subfield code="u">FHMF</subfield>
    <subfield code="w">FHMF</subfield>
  </datafield>
  <datafield tag="H52" ind1="8" ind2=" ">
    <subfield code="b">BOX</subfield>
    <subfield code="c">TZA_Frei</subfield>
    <subfield code="h">51 RSE 51</subfield>
    <subfield code="8">22102165190006444</subfield>
  </datafield>
  <datafield tag="HOL" ind1=" " ind2=" ">
    <subfield code="d">2026-03-25 15:32:08</subfield>
    <subfield code="8">22102165190006444</subfield>
    <subfield code="b">2022-05-06 10:30:19</subfield>
    <subfield code="M">49HBZ_FHA</subfield>
    <subfield code="g">false</subfield>
    <subfield code="a">Acquisition (PO line POL22-2954)</subfield>
    <subfield code="c">System</subfield>
  </datafield>
  <datafield tag="ITM" ind1=" " ind2=" ">
    <subfield code="H">22102165190006444</subfield>
    <subfield code="x">TZA_Frei</subfield>
    <subfield code="f">BOOK</subfield>
    <subfield code="v">TZA_Frei</subfield>
    <subfield code="X">System</subfield>
    <subfield code="U">2022-05-06 14:00:00 Europe/Berlin</subfield>
    <subfield code="Y">2026-03-25 16:32:13 Europe/Berlin</subfield>
    <subfield code="M">49HBZ_FHA</subfield>
    <subfield code="s">1</subfield>
    <subfield code="d">8</subfield>
    <subfield code="V">Acquisition (PO line POL22-2954)</subfield>
    <subfield code="b">51 RSE 51</subfield>
    <subfield code="O">LabelPrinted: 10.05.2022 - 13:41 Uhr</subfield>
    <subfield code="a">23102165180006444</subfield>
    <subfield code="c">51 RSE 51</subfield>
    <subfield code="S">POL22-2954</subfield>
    <subfield code="W">2022-05-06 12:30:19 Europe/Berlin</subfield>
    <subfield code="u">BOX</subfield>
    <subfield code="w">BOX</subfield>
  </datafield>
  <datafield tag="GSI" ind1="7" ind2=" ">
    <subfield code="a">1015425674</subfield>
    <subfield code="0">http://d-nb.info/gnd/1015425674</subfield>
    <subfield code="2">gnd</subfield>
    <subfield code="A">GND</subfield>
    <subfield code="B">GND-1015425674</subfield>
    <subfield code="C">024</subfield>
  </datafield>
  <datafield tag="GST" ind1=" " ind2=" ">
    <subfield code="a">Lebensmittel</subfield>
    <subfield code="x">Zutat</subfield>
    <subfield code="A">GND</subfield>
    <subfield code="B">GND-955687659</subfield>
    <subfield code="C">450</subfield>
  </datafield>
  <datafield tag="GST" ind1=" " ind2=" ">
    <subfield code="a">Lebensmittelzutat</subfield>
    <subfield code="A">GND</subfield>
    <subfield code="B">GND-955687659</subfield>
    <subfield code="C">450</subfield>
  </datafield>
  <datafield tag="GSI" ind1="7" ind2=" ">
    <subfield code="a">4529758-7</subfield>
    <subfield code="0">http://d-nb.info/gnd/4529758-7</subfield>
    <subfield code="2">gnd</subfield>
    <subfield code="A">GND</subfield>
    <subfield code="B">GND-955687659</subfield>
    <subfield code="C">024</subfield>
  </datafield>
  <datafield tag="GST" ind1=" " ind2=" ">
    <subfield code="a">Essen</subfield>
    <subfield code="g">Zubereitetes Lebensmittel</subfield>
    <subfield code="A">GND</subfield>
    <subfield code="B">GND-041362837</subfield>
    <subfield code="C">450</subfield>
  </datafield>
  <datafield tag="GST" ind1=" " ind2=" ">
    <subfield code="a">Gericht</subfield>
    <subfield code="g">Hauswirtschaft</subfield>
    <subfield code="A">GND</subfield>
    <subfield code="B">GND-041362837</subfield>
    <subfield code="C">450</subfield>
  </datafield>
  <datafield tag="GST" ind1=" " ind2=" ">
    <subfield code="a">Kost</subfield>
    <subfield code="A">GND</subfield>
    <subfield code="B">GND-041362837</subfield>
    <subfield code="C">450</subfield>
  </datafield>
  <datafield tag="GSI" ind1="7" ind2=" ">
    <subfield code="a">4136283-4</subfield>
    <subfield code="0">http://d-nb.info/gnd/4136283-4</subfield>
    <subfield code="2">gnd</subfield>
    <subfield code="A">GND</subfield>
    <subfield code="B">GND-041362837</subfield>
    <subfield code="C">024</subfield>
  </datafield>
  <datafield tag="GST" ind1=" " ind2=" ">
    <subfield code="a">Deskriptorsprache</subfield>
    <subfield code="A">GND</subfield>
    <subfield code="B">GND-041851722</subfield>
    <subfield code="C">450</subfield>
  </datafield>
  <datafield tag="GST" ind1=" " ind2=" ">
    <subfield code="a">Deskriptor</subfield>
    <subfield code="x">Verzeichnis</subfield>
    <subfield code="A">GND</subfield>
    <subfield code="B">GND-041851722</subfield>
    <subfield code="C">450</subfield>
  </datafield>
  <datafield tag="GSI" ind1="7" ind2=" ">
    <subfield code="a">4185172-9</subfield>
    <subfield code="0">http://d-nb.info/gnd/4185172-9</subfield>
    <subfield code="2">gnd</subfield>
    <subfield code="A">GND</subfield>
    <subfield code="B">GND-041851722</subfield>
    <subfield code="C">024</subfield>
  </datafield>
  <datafield tag="GSI" ind1="7" ind2=" ">
    <subfield code="a">4319923-9</subfield>
    <subfield code="0">http://d-nb.info/gnd/4319923-9</subfield>
    <subfield code="2">gnd</subfield>
    <subfield code="A">GND</subfield>
    <subfield code="B">GND-043199232</subfield>
    <subfield code="C">024</subfield>
  </datafield>
  <datafield tag="GST" ind1=" " ind2=" ">
    <subfield code="a">Flavor</subfield>
    <subfield code="A">GND</subfield>
    <subfield code="B">GND-041370708</subfield>
    <subfield code="C">450</subfield>
  </datafield>
  <datafield tag="GST" ind1=" " ind2=" ">
    <subfield code="a">Flavour</subfield>
    <subfield code="g">Lebensmittel</subfield>
    <subfield code="A">GND</subfield>
    <subfield code="B">GND-041370708</subfield>
    <subfield code="C">450</subfield>
  </datafield>
  <datafield tag="GST" ind1=" " ind2=" ">
    <subfield code="a">Aromen</subfield>
    <subfield code="A">GND</subfield>
    <subfield code="B">GND-041370708</subfield>
    <subfield code="C">450</subfield>
  </datafield>
  <datafield tag="GSI" ind1="7" ind2=" ">
    <subfield code="a">4137070-3</subfield>
    <subfield code="0">http://d-nb.info/gnd/4137070-3</subfield>
    <subfield code="2">gnd</subfield>
    <subfield code="A">GND</subfield>
    <subfield code="B">GND-041370708</subfield>
    <subfield code="C">024</subfield>
  </datafield>
</record>
